@Book{Kismet,
  editor = 	 {C. L. Breazeal},
  title = 	 {Designing Sociable Robots},
  publisher = 	 {The MIT Press},
  year = 	 2002,
  address = 	 {London, England}
}

@Article {Li2011,
   author = {Li, J. and Chignell, M.},
   title = {Communication of Emotion in Social Robots through Simple
                  Head and Arm Movements},
   journal = {International Journal of Social Robotics},
   publisher = {Springer Netherlands},
   pages = {125--142},
   volume = {3},
   issue = {2},
   year = {2011}
}

@InProceedings{Samuel,
  author = 	 {R. Budziñski and J. Kêdzierski and B. Weselak},
  title = 	 {G³owa robota spo³ecznego {Samuel} --- konstrukcja},
  booktitle = {XI Krajowa Konferencja Robotyki},
  pages = 	 {185--194},
  year = 	 2010,
  volume = 	 1,
  address = 	 {Szklarska Porêba}
}

@TechReport{Aibo04,
  author = 	 {{AIBO} Support Group},
  title = 	 {{AIBO} Entertainment Robot {ERS-7}},
  institution =  {Sony Corporation},
  year = 	 2004}

@MastersThesis{juszk11,
  author = 	 {£ukasz Juszkiewicz},
  title = 	 {Rozpoznawanie emocji wypowiedzi na potrzeby robotów
                  spo³ecznych},
  school = 	 {Politechnika Wroc³awska},
  year = 	 2011}

@PhdThesis{Mertz,
   author = {L. Aryananda},
   title = {A Few Days of A Robot's Life in the Human's World: Toward Incremental Individual Recognition},
   school = {Massachusetts Institute of Technology},
   year = 2007,
   lang = {en}
}



@Misc{emacs,
  key = 	 {emacs},
  title = 	 {{GNU} {Emacs}},
  howpublished = {\url{www.gnu.org/s/emacs}}}

@Misc{auctex,
  key = 	 {auctex},
  title = 	 {{AUC\TeX} -- Sophisticated document creation},
  howpublished = {\url{www.gnu.org/software/auctex}}}

@Misc{emacs_wiki,
  author = 	 {Wikipedia},
  title = 	 {Emacs},
  howpublished = {\url{pl.wikipedia.org/wiki/Emacs}}}

@Misc{gimp,
  key = 	 {gimp},
  title = 	 {{GIMP}},
  howpublished = {\url{www.gimp.org}}}

@Misc{gimp_wiki,
  author = 	 {Wikipedia},
  title = 	 {{GIMP}},
  howpublished = {\url{pl.wikipedia.org/wiki/GIMP}}}

@Misc{inkscape,
  key = 	 {inkscape},
  title = 	 {Inkscape},
  howpublished = {\url{inkscape.org}}}

@Misc{inkscape_wiki,
  author = 	 {Wikipedia},
  title = 	 {Inkscape},
  howpublished = {\url{pl.wikipedia.org/wiki/Inkscape}}}

@Misc{led,
  key = 	 {led},
  title = 	 {{LEd}},
  howpublished = {\url{www.latexeditor.org}}}

@Misc{kile,
  key = 	 {kile},
  title = 	 {Kile},
  howpublished = {\url{kile.sourceforge.net}}}

@Misc{tex,
  key = 	 {latex},
  title = 	 {Grupa u¿ytkowników systemu {\TeX}},
  howpublished = {\url{www.tug.org}}}

@Misc{tex_pl,
  key = 	 {latex},
  title = 	 {Polska grupa u¿ytkowników systemu {\TeX}},
  howpublished = {\url{www.gust.org.pl}}}

@Misc{latex,
  key = 	 {latex},
  title = 	 {{\LaTeX} --- {A} document preparation system},
  howpublished = {\url{www.latex-project.org}}}

@Misc{latex_wiki,
  author = 	 {Wikipedia},
  title = 	 {{\LaTeX}},
  howpublished = {\url{pl.wikipedia.org/wiki/LaTeX}}}

@Misc{tex_wiki,
  author = 	 {Wikipedia},
  title = 	 {{\TeX}},
  howpublished = {\url{pl.wikipedia.org/wiki/TeX}}}

@Misc{latex_wikibooks,
  author = 	 {Wikibooks},
  title = 	 {{\LaTeX}},
  howpublished = {\url{pl.wikibooks.org/wiki/LaTeX}}}

@Article{lshort2e,
  author = 	 {Tomasz Przechlewski and Ryszard Kubiak},
  title = 	 {Nie za krótkie wprowadzenie do systemu
                  {\LaTeXe} Albo
                  {\LaTeXe} w~129 minut},
  journal = 	 {\url{ftp://ftp.gust.org.pl/pub/CTAN/info/lshort/polish/lshort2e.pdf}},
  year = 	 2007}

@Article{lshortpie,
  author = 	 {Ryszard Kostecki},
  title = 	 {W miarê krótki i praktyczny kurs {\LaTeX}a w
                  $\pi^\varepsilon$ minut},
  journal = 	 {\url{www.fuw.edu.pl/~kostecki/kurs_latexa.pdf}},
  year = 	 2008}

@Misc{listings_wiki,
  author = 	 {Wikibooks},
  title = 	 {Pakiet \texttt{listings}},
  howpublished = {\url{en.wikibooks.org/wiki/LaTeX/Packages/Listings}}}

@Article{listings,
  author = 	 {Carsten Heinz and Brooks Moses},
  title = 	 {The \texttt{Listings} Package},
  journal = 	 {\url{www.tug.org/texlive/Contents/live/texmf-dist/doc/latex/listings/listings.pdf}},
  year = 	 2007}

